% This is jfm2esam.bib v1.0 08/14/02
%

@article{GONZALEZ2024103228,
title = {Is the phone mightier than the virus? Cellphone access and epidemic containment efforts},
journal = {Journal of Development Economics},
volume = {167},
pages = {103228},
year = {2024},
issn = {0304-3878},
doi = {https://doi.org/10.1016/j.jdeveco.2023.103228},
url = {https://www.sciencedirect.com/science/article/pii/S0304387823001840},
author = {Robert Gonzalez and Elisa M. Maffioli}
}

@article{10.1257/app.20190443,
Author = {Gonzalez, Robert M.},
Title = {Cell Phone Access and Election Fraud: Evidence from a Spatial Regression Discontinuity Design in Afghanistan},
Journal = {American Economic Journal: Applied Economics},
Volume = {13},
Number = {2},
Year = {2021},
Month = {April},
Pages = {1-51},
DOI = {10.1257/app.20190443},
URL = {https://www.aeaweb.org/articles?id=10.1257/app.20190443}}

@article{MIN2020101219,
title = {Does the application of ICTs facilitate rural economic transformation in China? Empirical evidence from the use of smartphones among farmers},
journal = {Journal of Asian Economics},
volume = {70},
pages = {101219},
year = {2020},
issn = {1049-0078},
doi = {https://doi.org/10.1016/j.asieco.2020.101219},
url = {https://www.sciencedirect.com/science/article/pii/S1049007820300993},
author = {Shi Min and Min Liu and Jikun Huang}
}


@article{doi:10.1086/590461,
author = {Ortega, Daniel and Rodr\'{\i}guez, Francisco},
title = {Freed from Illiteracy? A Closer Look at Venezuela’s Misión Robinson Literacy Campaign},
journal = {Economic Development and Cultural Change},
volume = {57},
number = {1},
pages = {1-30},
year = {2008},
doi = {10.1086/590461},
URL = {https://doi.org/10.1086/590461}
}

@TechReport{RePEc:wbk:wboper:9767,
  author={John Oxenham},
  title={{Skills and Literacy Training for Better Livelihoods : A Review of Approaches and Experiences}},
  year=2002,
  month=Jun,
  institution={The World Bank Group},
  type={World Bank Publications - Reports},
  url={https://ideas.repec.org/p/wbk/wboper/9767.html},
  number={9767},
  abstract={No abstract is available for this item.},
  keywords={ Information and Communication Technologies - ICT Policy and Strategies Gender - Gender and Educatio},
  doi={},
}

@article{10.1257/app.2.3.46,
Author = {Aker, Jenny C.},
Title = {Information from Markets Near and Far: Mobile Phones and Agricultural Markets in Niger},
Journal = {American Economic Journal: Applied Economics},
Volume = {2},
Number = {3},
Year = {2010},
Month = {July},
Pages = {46-59},
DOI = {10.1257/app.2.3.46},
URL = {https://www.aeaweb.org/articles?id=10.1257/app.2.3.46}}

@article{10.1257/jep.24.3.207,
Author = {Aker, Jenny C. and Mbiti, Isaac M.},
Title = {Mobile Phones and Economic Development in Africa},
Journal = {Journal of Economic Perspectives},
Volume = {24},
Number = {3},
Year = {2010},
Month = {September},
Pages = {207-32},
DOI = {10.1257/jep.24.3.207},
URL = {https://www.aeaweb.org/articles?id=10.1257/jep.24.3.207}}
%% End of file `jfm2esam.bib'.






















